@Misc{Jones_2001,
  author = {Eric Jones and Travis Oliphant and Pearu Peterson and others},
  title = {{{SciPy}: Open source scientific tools for {Python}}},
  year = {2001--},
  url = {http://www.scipy.org/},
  note = {[Online; accessed 2015-11-06]},
}


@article{van_der_Walt_2011,
  doi = {10.1109/mcse.2011.37},
  url = {http://dx.doi.org/10.1109/mcse.2011.37},
  year = {2011},
  month = {mar},
  publisher = {Institute of Electrical {\&} Electronics Engineers ({IEEE})},
  volume = {13},
  number = {2},
  pages = {22--30},
  author = {Stefan van der Walt and S Chris Colbert and Gaël Varoquaux},
  title = {{The {NumPy} Array: A Structure for Efficient Numerical Computation}},
  journal = {Comput. Sci. Eng.},
}


@InProceedings{mckinney_2010,
  author = {Wes McKinney},
  title = {{Data Structures for Statistical Computing in Python}},
  booktitle = {Proceedings of the 9th Python in Science Conference},
  pages = {51 - 56},
  year = {2010},
  editor = {St\'efan van der Walt and Jarrod Millman},
}


@article{Rew_1990,
  doi = {10.1109/38.56302},
  url = {http://dx.doi.org/10.1109/38.56302},
  year = {1990},
  month = {jul},
  publisher = {Institute of Electrical {\&} Electronics Engineers ({IEEE})},
  volume = {10},
  number = {4},
  pages = {76--82},
  author = {R. Rew and G. Davis},
  title = {{{NetCDF}: an interface for scientific data access}},
  journal = {{IEEE} Comput. Grap. Appl.},
}


@article{Hunter_2007,
  doi = {10.1109/mcse.2007.55},
  url = {http://dx.doi.org/10.1109/mcse.2007.55},
  year = {2007},
  publisher = {Institute of Electrical {\&} Electronics Engineers ({IEEE})},
  volume = {9},
  number = {3},
  pages = {90--95},
  author = {John D. Hunter},
  title = {{Matplotlib: A 2D Graphics Environment}},
  journal = {Comput. Sci. Eng.},
}


@misc{eaton2003netcdf,
  title = {{NetCDF Climate and Forecast (CF) metadata conventions}},
  author = {Eaton, Brian and Gregory, Jonathan and Drach, Bob and Taylor, Karl and Hankin, Steve and Caron, John and Signell, Rich and Bentley, Phil and Rappa, Greg and H{\"o}ck, Heinke and others},
  year = {2003},
  publisher = {Version},
}


@article{wickham_2011,
  doi = {10.18637/jss.v040.i01},
  url = {http://dx.doi.org/10.18637/jss.v040.i01},
  year = {2011},
  publisher = {Foundation for Open Access Statistic},
  volume = {40},
  number = {1},
  author = {Hadley Wickham},
  title = {{The Split-Apply-Combine Strategy for Data Analysis}},
  journal = {Journal of Statistical Software},
}


@InProceedings{matthew_rocklin-proc-scipy-2015,
  author = {{M}atthew {R}ocklin},
  title = {{{D}ask: {P}arallel {C}omputation with {B}locked algorithms and {T}ask {S}cheduling}},
  booktitle = {{P}roceedings of the 14th {P}ython in {S}cience {C}onference},
  pages = {130 - 136},
  year = {2015},
  editor = {{K}athryn {H}uff and {J}ames {B}ergstra},
}


@article{Brown_1993,
  doi = {10.1063/1.4823180},
  url = {http://dx.doi.org/10.1063/1.4823180},
  year = {1993},
  publisher = {{AIP} Publishing},
  volume = {7},
  number = {3},
  pages = {304},
  author = {Stewart A. Brown and Mike Folk and Gregory Goucher and Russ Rew and Paul F. Dubois},
  title = {{Software for Portable Scientific Data Management}},
  journal = {Computers in Physics},
}

@misc{TravisCI,
  title = {Travis CI - Test and Deploy Your Code with Confidence},
  howpublished = {\url{https://travis-ci.org}},
  note = {Accessed: 2015-06-12}
}

@misc{Appveyor,
  title = {Continuous Integration and Deployment service for Windows developers - Appveyor},
  howpublished = {\url{https://ci.appveyor.com}},
  note = {Accessed: 2015-06-12}
}

@misc{xarray_docs,
  title = {N-D labeled arrays and datasets in Python; xarray 0.7.2 documentation},
  howpublished = {\url{http://xarray.pydata.org}},
  note = {Accessed: 2015-06-12}
}

@misc{stackoverflow,
  title = {Stack Overflow},
  howpublished = {\url{http://stackoverflow.com/questions/tagged/python-xarray}},
  note = {Accessed: 2015-06-12}
}

@misc{pycalphad,
  title = {pycalphad: Computational Thermodynamics},
  howpublished = {\url{http://pycalphad.readthedocs.io}},
  note = {Accessed: 2015-06-12}
}

@misc{xgcm,
  title = {xgcm: General Circulation Model Postprocessing with xarray},
  howpublished = {\url{http://xgcm.readthedocs.io}},
  note = {Accessed: 2015-06-12}
}

@misc{pygdx,
  title = {GDX file data access; pyGDX 2 documentation},
  howpublished = {\url{http://pygdx.readthedocs.io}},
  note = {Accessed: 2015-06-12}
}

 @misc{Dawson_2016a,
  title={windspharm: Version 1.5.0},
  url={http://dx.doi.org/10.5281/zenodo.50571},
  DOI={10.5281/zenodo.50571},
  publisher={Zenodo},
  author={Andrew Dawson and Damien Irving and Filipe and Arnaldo Russo},
  year={2016}}

@article{Dawson_2016b,
  title={eofs: A Library for EOF Analysis of Meteorological, Oceanographic, and Climate Data},
  author={Dawson, Andrew},
  journal={Journal of Open Research Software},
  volume={4},
  number={1},
  year={2016},
  publisher={Ubiquity Press}
}

@manual{Iris,
  author = {{Met Office}},
  title = {Iris: A Python library for analysing and visualising meteorological and oceanographic data sets},
  edition = {v1.2},
  year = {2010 - 2013},
  address = {Exeter, Devon },
  url = {http://scitools.org.uk/}
}

@manual{Cartopy,
  author = {{Met Office}},
  title = {Cartopy: a cartographic python library with a matplotlib interface},
  year = {2010 - 2015},
  address = {Exeter, Devon },
  url = {http://scitools.org.uk/cartopy}
}

@misc{uvcdat,
  title={{UV-CDAT} 2.4.1},
  url={http://dx.doi.org/10.5281/zenodo.50101},
  DOI={10.5281/zenodo.50101},
  publisher={Zenodo},
  author={Dean N. Williams and Charles Doutriaux and Sam Fries and Dan Lipsa and Jeffrey Painter and James McEnerney and Aashish Chaudhary and Sankhesh Jhaveri and Thomas Maxwell and Paul J. Durack and et al.},
  year={2016}
}


@manual{cesium,
  author = {{Cesium development team}},
  title = {Cesium: Open-Source Machine Learning for Time Series Analysis},
  year = {2016},
  url = {http://cesium.ml/}
}

@manual{Bottleneck,
  author = {{Keith Goodman}},
  title = {Bottleneck: Fast NumPy array functions written in Cython},
  year = {2016},
  url = {https://github.com/kwgoodman/bottleneck}
}


@Manual{r_2013,
  title = {R: A Language and Environment for Statistical Computing},
  author = {{R Core Team}},
  organization = {R Foundation for Statistical Computing},
  address = {Vienna, Austria},
  year = {2013},
  url = {http://www.R-project.org/},
}


@article{Dee_2011,
   author = {Dee, D. P. and Uppala, S. M. and Simmons, A. J. and Berrisford, P. and Poli, P. and Kobayashi, S. and Andrae, U. and Balmaseda, M. A. and Balsamo, G. and Bauer, P. and Bechtold, P. and Beljaars, A. C. M. and van de Berg, L. and Bidlot, J. and Bormann, N. and Delsol, C. and Dragani, R. and Fuentes, M. and Geer, A. J. and Haimberger, L. and Healy, S. B. and Hersbach, H. and Hólm, E. V. and Isaksen, L. and Kållberg, P. and Köhler, M. and Matricardi, M. and McNally, A. P. and Monge-Sanz, B. M. and Morcrette, J. J. and Park, B. K. and Peubey, C. and de Rosnay, P. and Tavolato, C. and Thépaut, J. N. and Vitart, F.},
   title = {The ERA-Interim reanalysis: configuration and performance of the data assimilation system},
   journal = {Quarterly Journal of the Royal Meteorological Society},
   volume = {137},
   number = {656},
   pages = {553-597},
   ISSN = {00359009},
   DOI = {10.1002/qj.828},
   year = {2011},
   type = {Journal Article}
}


@InProceedings{ dask,
  author    = { Matthew Rocklin },
  title     = { Dask: Parallel Computation with Blocked algorithms and Task Scheduling },
  booktitle = { Proceedings of the 14th Python in Science Conference },
  pages     = { 130 - 136 },
  year      = { 2015 },
  editor    = { Kathryn Huff and James Bergstra }
}
